<?xml version="1.0" encoding="UTF-8"?><collection xmlns="http://www.loc.gov/MARC21/slim"><record><leader>00668nam--2200205-i-4500</leader><controlfield tag="001">000028987</controlfield><controlfield tag="002">20161230</controlfield><controlfield tag="005">20161230201037</controlfield><controlfield tag="008">060222s1000------------r-----000-0-eng-d</controlfield><datafield ind1=" " ind2=" " tag="040"><subfield code="a">IFIN-HH</subfield></datafield><datafield ind1=" " ind2=" " tag="080"><subfield code="a">53</subfield></datafield><datafield ind1="1" ind2=" " tag="100"><subfield code="a">Draper, Charles Stark</subfield></datafield><datafield ind1="1" ind2="0" tag="245"><subfield code="a">Instrument engineering vol. i. methods for describing the situations of instrument engineering</subfield><subfield code="c">Charles stark draper, walter mckay, sidney lees</subfield></datafield><datafield ind1=" " ind2=" " tag="250"><subfield code="a">First Edition</subfield></datafield><datafield ind1=" " ind2=" " tag="260"><subfield code="a">New York</subfield><subfield code="b">Mcgraw-hill Book Company, Inc</subfield><subfield code="c">1952</subfield></datafield><datafield ind1=" " ind2=" " tag="300"><subfield code="a">XVI+269P</subfield></datafield><datafield ind1=" " ind2=" " tag="490"><subfield code="a">Mcgraw-hill Publications In Aeronautical Science</subfield></datafield><datafield ind1="1" ind2=" " tag="700"><subfield code="a">Lees, Sidney</subfield></datafield><datafield ind1=" " ind2=" " tag="852"><subfield code="a">10272</subfield><subfield code="c">53.08</subfield></datafield><datafield ind1=" " ind2=" " tag="CAT"><subfield code="a">Sys</subfield><subfield code="c">20151026</subfield><subfield code="h">145333</subfield></datafield></record></collection>